@book{HK,
author={Henrry Kopka and Paul W. Daly},
title={A Guide to LaTeX},
publisher={Addison - Wesley},
location={Reading, MA},
year={1999}
}
@book{MG,
author={Mark Goossens and F. Mittelbach and A. Samarin},
title={A LaTeX Companion},
publisher={Addison - Wesley},
location={Reading, MA},
year={1994}
}
@article{Pan,
author={David Pan},
title={A Tutorial on MPEG/Audio Compression},
journal={IEEE Multimedia},
year={1995},
volume= {2} ,
pages={60--74},
month={Summer}
}
@inproceedings{Boney96,
author={Louis Boney and A. H. Tewfik and K. N. Hamdy},
title={Digital Watermarks for Audio Signals},
booktitle={Proceedings of the Third IEEE International Conference on Multimedia},
pages={473--480},
month={June},
year={1996}
}