
@book{kopka_guide_1999,
	location = {Reading, {MA}},
	title = {A Guide to {LaTeX}},
	publisher = {Addison - Wesley},
	author = {Kopka, Henrry and Daly, Paul W.},
	date = {1999},
}

@book{goossens_latex_1994,
	location = {Reading, {MA}},
	title = {A {LaTeX} Companion},
	publisher = {Addison - Wesley},
	author = {Goossens, Mark and Mittelbach, F. and Samarin, A.},
	date = {1994},
}

@article{pan_tutorial_1995,
	title = {A Tutorial on {MPEG}/Audio Compression},
	volume = {2},
	pages = {60--74},
	journaltitle = {{IEEE} Multimedia},
	author = {Pan, David},
	date = {1995},
}

@inproceedings{boney_digital_1996,
	title = {Digital Watermarks for Audio Signals},
	pages = {473--480},
	booktitle = {Proceedings of the Third {IEEE} International Conference on Multimedia},
	author = {Boney, Louis and Tewfik, A. H. and Hamdy, K. N.},
	date = {1996-06},
}
